<?xml version="1.0" encoding="UTF-8"?><collection xmlns="http://www.loc.gov/MARC21/slim"><record><leader>00520nam--2200193-u-4500</leader><controlfield tag="001">000055270</controlfield><controlfield tag="002">20161230</controlfield><controlfield tag="005">20161230201052</controlfield><controlfield tag="008">121206s1000------------r-----000-0-rus-d</controlfield><datafield ind1=" " ind2=" " tag="040"><subfield code="a">IFIN-HH</subfield></datafield><datafield ind1=" " ind2=" " tag="041"><subfield code="a">rus</subfield></datafield><datafield ind1=" " ind2=" " tag="080"><subfield code="a">539.213</subfield></datafield><datafield ind1="1" ind2=" " tag="100"><subfield code="a">Derjavin, S.N</subfield></datafield><datafield ind1="1" ind2="0" tag="245"><subfield code="a">Mikrotverdosti hrupkih opticeskih materialov</subfield><subfield code="c">S.n. derjavin, a.v. ivanov, s.s. kasimova, e.m. miliukov</subfield></datafield><datafield ind1=" " ind2=" " tag="260"><subfield code="a">Taskent</subfield><subfield code="b">Fan</subfield><subfield code="c">1983</subfield></datafield><datafield ind1=" " ind2=" " tag="300"><subfield code="a">156P</subfield></datafield><datafield ind1="1" ind2=" " tag="700"><subfield code="a">Miliukov, E.M</subfield></datafield><datafield ind1=" " ind2=" " tag="852"><subfield code="a">72611</subfield><subfield code="c">539.21</subfield></datafield><datafield ind1=" " ind2=" " tag="CAT"><subfield code="a">Sys</subfield><subfield code="c">20121206</subfield><subfield code="h">143807</subfield></datafield></record></collection>